@article{felix2015phylogenetics,
	title={Phylogenetics: Tracing the evolutionary legacy of organisms metastatic clones bioactive compounds and languages},
	author={Felix, B},
	journal={Journal of Phylogenetics \& Evolutionary Biology},
	volume={3},
	number={2},
	pages={1000},
	year={2015}
}

@article{maddison1997gene,
	title={Gene trees in species trees},
	author={Maddison, Wayne P},
	journal={Systematic biology},
	volume={46},
	number={3},
	pages={523--536},
	year={1997},
	publisher={Oxford University Press}
}

@article{huelsenbeck1996combining,
	title={Combining data in phylogenetic analysis},
	author={Huelsenbeck, John P and Bull, James J and Cunningham, Clifford W},
	journal={Trends in Ecology \& Evolution},
	volume={11},
	number={4},
	pages={152--158},
	year={1996},
	publisher={Elsevier}
}

@article{de2007supermatrix,
	title={The supermatrix approach to systematics},
	author={de Queiroz, Alan and Gatesy, John},
	journal={Trends in ecology \& evolution},
	volume={22},
	number={1},
	pages={34--41},
	year={2007},
	publisher={Elsevier}
}

@article{zwickl2014disentangling,
	title={Disentangling methodological and biological sources of gene tree discordance on Oryza (Poaceae) chromosome 3},
	author={Zwickl, Derrick J and Stein, Joshua C and Wing, Rod A and Ware, Doreen and Sanderson, Michael J},
	journal={Systematic biology},
	volume={63},
	number={5},
	pages={645--659},
	year={2014},
	publisher={Oxford University Press}
}

@article{jarvis2014whole,
	title={Whole-genome analyses resolve early branches in the tree of life of modern birds},
	author={Jarvis, Erich D and Mirarab, Siavash and Aberer, Andre J and Li, Bo and Houde, Peter and Li, Cai and Ho, Simon YW and Faircloth, Brant C and Nabholz, Benoit and Howard, Jason T and others},
	journal={Science},
	volume={346},
	number={6215},
	pages={1320--1331},
	year={2014},
	publisher={American Association for the Advancement of Science}
}

@article{vachaspati2015astrid,
	title={ASTRID: accurate species trees from internode distances},
	author={Vachaspati, Pranjal and Warnow, Tandy},
	journal={BMC genomics},
	volume={16},
	number={10},
	pages={S3},
	year={2015},
	publisher={BioMed Central}
}

@article{liu2011estimating,
	title={Estimating species trees from unrooted gene trees},
	author={Liu, Liang and Yu, Lili},
	journal={Systematic biology},
	volume={60},
	number={5},
	pages={661--667},
	year={2011},
	publisher={Oxford University Press}
}

@article{mirarab2014astral,
	title={ASTRAL: genome-scale coalescent-based species tree estimation},
	author={Mirarab, Siavash and Reaz, Rezwana and Bayzid, Md S and Zimmermann, Th{\'e}o and Swenson, M Shel and Warnow, Tandy},
	journal={Bioinformatics},
	volume={30},
	number={17},
	pages={i541--i548},
	year={2014},
	publisher={Oxford University Press}
}

@article{islam2019stelar,
	title={STELAR: A statistically consistent coalescent-based species tree estimation method by maximizing triplet consistency},
	author={Islam, Mazharul and Sarker, Kowshika and Das, Trisha and Reaz, Rezwana and Bayzid, Md Shamsuzzoha},
	journal={BioRxiv},
	pages={594911},
	year={2019},
	publisher={Cold Spring Harbor Laboratory}
}

@article{liu2010maximum,
	title={A maximum pseudo-likelihood approach for estimating species trees under the coalescent model},
	author={Liu, Liang and Yu, Lili and Edwards, Scott V},
	journal={BMC evolutionary biology},
	volume={10},
	number={1},
	pages={302},
	year={2010},
	publisher={BioMed Central}
}

@article{deb2002fast,
	title={A fast and elitist multiobjective genetic algorithm: NSGA-II},
	author={Deb, Kalyanmoy and Pratap, Amrit and Agarwal, Sameer and Meyarivan, TAMT},
	journal={IEEE transactions on evolutionary computation},
	volume={6},
	number={2},
	pages={182--197},
	year={2002},
	publisher={IEEE}
}















@inproceedings{nayeem2019phylogeny,
	title={A'phylogeny-aware'multi-objective optimization approach for computing MSA},
	author={Nayeem, Muhammad Ali and Bayzid, Md Shamsuzzoha and Rahman, Atif Hasan and Shahriyar, Rifat and Rahman, M Sohel},
	booktitle={Proceedings of the Genetic and Evolutionary Computation Conference},
	pages={577--585},
	year={2019},
	organization={ACM}
}